%% LIVROS *******************************************************************

%books PDI-----------------------

@manual{siliconLabs1,
      title="Using Microcontrollers in Digital Signal Processing Applications",
        organization="SILICON LABS",
        edition="UG364 (v1.2)",
        url = {https://www.silabs.com/Support%20Documents/TechnicalDocs/an219.pdf},
        }

@book{pedroni,
      author = "Pedroni, Volnei A.",
      title = "Eletrônica Digital Moderna e VHDL",
      publisher = "Elsevier",
      address = "Rio de Janeiro, Brasil",
      year = "2010",
      isbn = "978-85-352-3465-7",
      }
      
@book{mesquita,
      author = "Costa, César da and Mesquita, Leonardo and Pinheiro, Eduardo",
      title = "Elementos de Lógica Programável com VHDL e DSP: Teoria e Prática",
      publisher = "Érica",
      address = "São Paulo, Brasil",
      year = "2011",
      isbn = "978-85-365-0312-7",
      }

@book{oppenheim,
      author = "Oppenheim, Alan V.",
      title = "Discrete-Time Signal Processing",
      publisher = "Prentice Hall",
      address = "Upper Saddle River, New Jersey 07458",
      year = "1998",
      isbn = "0-13-754920-2",
      }
      

%% ******************** Falta referenciar!!! *********************************
%% ***************************************************************************

%% livro usado no projeto DSPX
@book{Nagireddi,
      author = "Nagireddi, Sivannarayana",
      title = "VoIP voice and fax signal processing",
      publisher = "Wiley",
      address = "Hoboken, New Jersey",
      year = "2008",
      isbn = "978-0-470-22736-7",
      }

@article{Bhavanam1,
        author = "S Nagakishore Bhavanam, P. Siddaiah,  P. Ramana Reddy",
        title = "FPGA based efficient DTMF detection using Split Goertzel Algorithm with optimized Resource Sharing Approach",
        journal = "Wireless and Optical Communications Networks (WOCN), 2014 Eleventh International Conference on",
        year = "2014",
        month = "September",
}

@article{Selman,
        author = "Suvad Selman, Raveendran Paramesran",
        title = "Comparative Analysis of Methods Used in the Design of DTMF Tone Detectors",
        journal = "IEEE International Conference on Telecommunications and Malaysia International Conference on Communications",
        year = "2007",
        month = "May",
}

@article{Zaplata,
        author = "Filip Záplata, Miroslav Kasal",
        title = "Using the Goertzel algorithm as a filter",
        journal = "Radioelektronika (RADIOELEKTRONIKA), 2014 24th International Conference",
        year = "2014",
        month = "April ",
        pages = "1 - 3",        
}

@article{Bhavanam2,
        author = "S Nagakishore Bhavanam, P. Siddaiah, P. Ramana Reddy",
        title = "Zynq 7000 series FPGA based Efficient DTMF detection",
        journal = "Computational Intelligence and Computing Research (ICCIC), 2014 IEEE International Conference on",
        year = "2014",
        month = "December",
        pages = "1 - 7",
}

@article{Yuying,
        author = "Liu Yuying",
        title = "Research of DTMF Dialing System Based on the Goertzel Algorithm and MATLAB Simulation",
        journal = "Information Technology and Artificial Intelligence Conference (ITAIC), 2014 IEEE 7th Joint International",
        year = "2014",
        month = "December",
        pages = "93 - 97",
}

@article{Kamai,
        author = "Kamai S. Ali",
        title = "Digital circuit design using FPGAS",
        journal = "Computers and Industrial Engineering",
        year = "1996",
        pages = "127 - 129",
}

@article{Lennart,
        author = "Lennart Lindh, Johan Stäner, Joakim Adomat",
        title = "Experiences with VHDL and FPGAs",
        journal = "Journal of Systems Architecture",
        year = "1996",
        pages = "97 - 104",
}

@article{,
        author = "",
        title = "",
        journal = "",
        year = "",
        month = "",
        pages = " - ",
}

%% ***************************************************************************
%% ***************************************************************************







      
%% MANUAIS *******************************************************************

    
@manual{virtex6_CLB,
      title="Virtex-6 FPGA Configurable Logic Block: User Guide",
        organization="Xilinx",
        edition="UG364 (v1.2)",
      month="February",
        year="2012",
        }
      
@manual{virtex6,
      title="Virtex-6 Family Overview: Product Specification",
        organization="Xilinx",
        edition="DS150 (v2.4)",
      month="January",
        year="2012",
        }


@manual{edk,
      title="Embedded System Tools Reference Manual: EDK",
        organization="Xilinx",
        edition="UG111 (v13.4)",
      month="January",
        year="2012",
        }
      
@manual{edkConcepts,
      title="EDK Concepts, Tools, and Techniques: A Hands-On Guide to Effective Embedded System Design",
        organization="Xilinx",
        edition="UG683 (v13.4)",
      month="January",
        year="2012",
        }
      
%% ARTIGOS *********************************************************************
      
        
        title = "A Computational Approach to Edge Detection",
        journal = "IEEE Transactions on Pattern Analysis and Machine Intelligence",
        year = "1986",
        volume = "PAMI-8",
        number = "6",
        month = "November",
        pages = "679 - 698",
}


%% SITES ***************************************************************************

